@article{Joshi2012,
author = {Joshi, Saket and Schermerhorn, Paul and Khardon, Roni and Scheutz, Matthias},
doi = {10.1109/ICRA.2012.6225191},
file = {:home/matt/Dropbox/Papers/joshietal12icra.pdf:pdf},
isbn = {978-1-4673-1405-3},
journal = {2012 IEEE International Conference on Robotics and Automation},
month = may,
pages = {4379--4384},
publisher = {Ieee},
title = {{Abstract planning for reactive robots}},
url = {http://ieeexplore.ieee.org/lpdocs/epic03/wrapper.htm?arnumber=6225191},
year = {2012}
}
@article{Raman2012,
author = {Raman, Vasumathi and Xu, Bingxin and Kress-Gazit, H},
file = {:home/matt/.local/share/data/Mendeley Ltd./Mendeley Desktop/Downloaded/Raman, Xu, Kress-Gazit - 2012 - Avoiding forgetfulness Structured English specifications for high-level robot control with implicit memo.pdf:pdf},
journal = {\ldots Robots and Systems (IROS), \ldots},
title = {{Avoiding forgetfulness: Structured English specifications for high-level robot control with implicit memory}},
url = {http://ieeexplore.ieee.org/xpls/abs\_all.jsp?arnumber=6386028},
year = {2012}
}
@article{Talamadupula2010,
author = {Talamadupula, Kartik and Benton, J},
file = {:home/matt/Dropbox/Papers/talamadupulaetal10aaai.pdf:pdf},
journal = {AAAI},
title = {{Integrating a Closed World Planner with an Open World Robot: A Case Study.}},
url = {http://www.aaai.org/ocs/index.php/AAAI/AAAI10/paper/viewFile/1912/2256},
year = {2010}
}
@article{RamanRSS2013,
author = {Raman, Vasumathi and Lignos, Constantine and Finucane, Cameron and Lee, KCT},
file = {:home/matt/Dropbox/Papers/SLURP\_RSS2013.pdf:pdf},
journal = {roboticsproceedings.org},
title = {{Sorry Dave, I'm Afraid I Can't Do That: Explaining Unachievable Robot Tasks Using Natural Language}},
url = {http://www.roboticsproceedings.org/rss09/p23.pdf}
}
@article{KGFP_TRO09,
author = {Hadas\~{}Kress-Gazit and Gerogios\~{}E.\~{}Fainekos and George\~{}J.\~{}Pappas},
journal = {IEEE Transactions on Robotics},
number = {6},
pages = {1370--1381},
title = {{Temporal Logic based Reactive Mission and Motion Planning}},
volume = {25},
year = {2009}
}
@inproceedings{BingxinRSS2012,
author = {Sarid, Shahar and Xu, Bingxin and Kress-Gazit, Hadas},
booktitle = {Robotics: Science and Systems},
file = {:home/matt/Dropbox/Papers/BingxinRSS2012.pdf:pdf},
title = {{Guaranteeing High-Level Behaviors while Exploring Partially Known Maps}},
year = {2012}
}
@article{Tellex2011,
author = {Tellex, Stefanie and Kollar, Thomas and Dickerson, Steven and Walter, Matthew R and Banerjee, Ashis Gopal and Teller, Seth and Roy, Nicholas},
file = {:home/matt/Dropbox/Papers/tellex11.pdf:pdf},
number = {Aaai},
title = {{Understanding Natural Language Commands for Robotic Navigation and Mobile Manipulation}},
year = {2011}
}
@article{Finucane2010,
author = {Finucane, C},
doi = {10.1109/IROS.2010.5650371},
file = {:home/matt/Dropbox/Papers/FJKG\_IROS10.pdf:pdf},
isbn = {978-1-4244-6674-0},
journal = {\ldots Robots and Systems (IROS \ldots},
month = oct,
pages = {1988--1993},
publisher = {Ieee},
title = {{LTLMoP: Experimenting with language, temporal logic and robot control}},
url = {http://ieeexplore.ieee.org/lpdocs/epic03/wrapper.htm?arnumber=5650371 http://ieeexplore.ieee.org/xpls/abs\_all.jsp?arnumber=5650371},
year = {2010}
}
