%% This BibTeX bibliography file was created using BibDesk.
%% http://bibdesk.sourceforge.net/


%% Created for Spyros Maniatopoulos at 2014-02-12 19:16:37 -0500 


%% Saved with string encoding Unicode (UTF-8) 



@article{KGFP2008AR,
	Author = {Hadas~Kress-Gazit and Gerogios~E.~Fainekos and George~J.~Pappas},
	Date-Added = {2013-11-03 22:56:58 +0000},
	Date-Modified = {2013-11-03 22:56:58 +0000},
	Journal = {Advanced Robotics},
	Number = {12},
	Pages = {1343-1359},
	Title = {Translating Structured English to Robot Controllers},
	Volume = {22},
	Year = {2008}}

@inproceedings{Fukushima2011,
	Author = {Keiji Nagatani and Kiribayashi, S. and Okada, Y. and Tadokoro, S. and Nishimura, T. and Yoshida, T. and Koyanagi, E. and Hada, Y.},
	Booktitle = {Safety, Security, and Rescue Robotics (SSRR), 2011 IEEE International Symposium on},
	Date-Modified = {2014-02-12 20:12:52 +0000},
	Doi = {10.1109/SSRR.2011.6106794},
	Keywords = {mobile robots;Fukushima Daiichi Nuclear Power Station;TEPCO;Tokyo Electric Power Company;contaminated water sample;disaster response missions;dose measurements;emergency response;nuclear accident;reactor buildings;rescue mobile robot Quince redesign;surveillance missions;water gauge;Buildings;Cameras;Inductors;Manipulators;Robot vision systems;Disaster response;Rescue robot},
	Pages = {13-18},
	Title = {Redesign of rescue mobile robot Quince},
	Year = {2011},
	Bdsk-Url-1 = {http://dx.doi.org/10.1109/SSRR.2011.6106794}}

@inproceedings{JFRKGICRA12,
	Author = {Gangyuan Jing and Cameron Finucane and Vasumathi Raman and Hadas Kress-Gazit},
	Booktitle = {IEEE International Conference on Robotics and Automation},
	Date-Added = {2013-09-13 22:23:00 +0000},
	Date-Modified = {2013-09-13 22:23:05 +0000},
	Pages = {3543-3544},
	Title = {Correct High-level Robot Control from Structured English},
	Year = {2012}}

@inproceedings{LaValleRSS2011,
	Address = {Los Angeles, CA, USA},
	Author = {Leonardo Bobadilla AND Oscar Sanchez AND Justin Czarnowski AND Katrina Gossman AND Steven LaValle},
	Booktitle = {RSS},
	Date-Added = {2013-09-13 22:17:59 +0000},
	Date-Modified = {2013-09-13 22:18:04 +0000},
	Month = {June},
	Title = {Controlling Wild Bodies Using Linear Temporal Logic},
	Year = {2011}}

@inproceedings{KaramanCDC2009,
	Author = {Sertac Karaman and Emilio Frazzoli},
	Booktitle = {CDC},
	Date-Added = {2013-09-13 22:16:22 +0000},
	Date-Modified = {2013-09-13 22:18:16 +0000},
	Title = {Sampling-based Motion Planning with Deterministic $\mu$-Calculus Specifications},
	Year = {2009}}

@inproceedings{ModularIROS2011,
	Author = {Sebastian~Castro and Sarah~Koehler and Hadas~Kress-Gazit},
	Booktitle = {IEEE/RSJ International Conference on Intelligent Robots and Systems},
	Date-Added = {2013-09-13 15:38:27 +0000},
	Date-Modified = {2013-09-13 15:38:53 +0000},
	Month = {September},
	Pages = {3120-3125},
	Title = {High-level control of modular robots},
	Year = {2011}}

@article{Joshi2012,
	Author = {Joshi, Saket and Schermerhorn, Paul and Khardon, Roni and Scheutz, Matthias},
	Date-Added = {2013-09-12 20:12:21 +0000},
	Date-Modified = {2013-09-12 20:12:21 +0000},
	Doi = {10.1109/ICRA.2012.6225191},
	Isbn = {978-1-4673-1405-3},
	Journal = {2012 IEEE International Conference on Robotics and Automation},
	Month = may,
	Pages = {4379--4384},
	Publisher = {Ieee},
	Title = {{Abstract planning for reactive robots}},
	Year = {2012},
	Bdsk-Url-1 = {http://ieeexplore.ieee.org/lpdocs/epic03/wrapper.htm?arnumber=6225191},
	Bdsk-Url-2 = {http://dx.doi.org/10.1109/ICRA.2012.6225191}}

@article{Raman2012,
	Author = {Raman, Vasumathi and Xu, Bingxin and Kress-Gazit, H},
	Date-Added = {2013-09-12 20:12:21 +0000},
	Date-Modified = {2013-09-12 20:12:21 +0000},
	Journal = {\ldots Robots and Systems (IROS), \ldots},
	Title = {{Avoiding forgetfulness: Structured English specifications for high-level robot control with implicit memory}},
	Year = {2012},
	Bdsk-Url-1 = {http://ieeexplore.ieee.org/xpls/abs%5C_all.jsp?arnumber=6386028}}

@article{Talamadupula2010,
	Author = {Talamadupula, Kartik and Benton, J},
	Date-Added = {2013-09-12 20:12:21 +0000},
	Date-Modified = {2013-09-12 20:12:21 +0000},
	File = {:home/matt/Dropbox/Papers/talamadupulaetal10aaai.pdf:pdf},
	Journal = {AAAI},
	Title = {{Integrating a Closed World Planner with an Open World Robot: A Case Study.}},
	Year = {2010},
	Bdsk-Url-1 = {http://www.aaai.org/ocs/index.php/AAAI/AAAI10/paper/viewFile/1912/2256}}

@conference{Finucane2010,
	Author = {Finucane, C and Jing, G and Kress-Gazit, H},
	Booktitle = {IEEE/RSJ Int'l. Conf. on Intelligent Robots and Systems},
	Date-Added = {2013-09-12 20:12:21 +0000},
	Date-Modified = {2013-09-12 20:12:21 +0000},
	File = {:home/matt/Dropbox/Papers/FJKG\_IROS10.pdf:pdf},
	Isbn = {978-1-4244-6674-0},
	Month = oct,
	Pages = {1988--1993},
	Title = {{LTLMoP: Experimenting with language, temporal logic and robot control}},
	Year = {2010},
	Bdsk-Url-1 = {http://ieeexplore.ieee.org/lpdocs/epic03/wrapper.htm?arnumber=5650371%20http://ieeexplore.ieee.org/xpls/abs%5C_all.jsp?arnumber=5650371},
	Bdsk-Url-2 = {http://dx.doi.org/10.1109/IROS.2010.5650371}}

@article{RamanRSS2013,
	Author = {Vasumathi Raman and Constantine Lignos and Cameron Finucane and Kenton C. T. Lee and Mitch Marcus and Hadas Kress-Gazit},
	Date-Added = {2013-09-12 20:12:21 +0000},
	Date-Modified = {2013-09-15 14:29:56 +0000},
	File = {:home/matt/Dropbox/Papers/SLURP\_RSS2013.pdf:pdf},
	Journal = {Robotics: Science and Systems},
	Title = {{Sorry Dave, I'm Afraid I Can't Do That: Explaining Unachievable Robot Tasks Using Natural Language}},
	Year = {2013},
	Bdsk-Url-1 = {http://www.roboticsproceedings.org/rss09/p23.pdf}}

@article{Tellex2011,
	Author = {Tellex, Stefanie and Kollar, Thomas and Dickerson, Steven and Walter, Matthew R and Banerjee, Ashis Gopal and Teller, Seth and Roy, Nicholas},
	Date-Added = {2013-09-12 20:12:21 +0000},
	Date-Modified = {2013-09-12 20:12:21 +0000},
	File = {:home/matt/Dropbox/Papers/tellex11.pdf:pdf},
	Journal = {AAAI},
	Title = {{Understanding Natural Language Commands for Robotic Navigation and Mobile Manipulation}},
	Year = {2011}}

@article{BhatiaRAM2011,
	Abstract = {This article describes approach for solving motion planning problems for mobile robots involving temporal goals. Traditional motion planning for mobile robotic systems involves the construction of a motion plan that takes the system from an initial state to a set of goal states while avoiding collisions with obstacles at all times. The motion plan is also required to respect the dynamics of the system that are typically described by a set of differential equations. A wide variety of techniques have been pro posed over the last two decades to solve such problems [1], [2].},
	Author = {Amit Bhatia and Maly, MR and Lydia E. Kavraki and Moshe Y. Vardi},
	Date-Added = {2013-09-12 19:55:04 +0000},
	Date-Modified = {2013-09-12 19:55:31 +0000},
	Doi = {10.1109/MRA.2011.942115},
	Issn = {1070-9932},
	Journal = {Robotics Automation Magazine, IEEE},
	Keywords = {kavrakilab, LTL, Motion Planning, multi-layered synergistic planning},
	Month = {sept.},
	Number = {3},
	Pages = {55 -64},
	Title = {Motion Planning with Complex Goals},
	Volume = {18},
	Year = {2011},
	Bdsk-Url-1 = {http://dx.doi.org/10.1109/MRA.2011.942115}}

@article{Grounding2013,
	Author = {Silvia Coradeschi and Amy Loutfi and Britta Wrede},
	Journal = {KI},
	Number = {2},
	Pages = {129-136},
	Title = {A Short Review of Symbol Grounding in Robotic and Intelligent Systems},
	Volume = {27},
	Year = {2013}}

@inproceedings{piterman_06,
	Address = {Charleston, SC},
	Author = {Nir~Piterman and Amir~Pnueli and Yaniv~Sa'ar},
	Booktitle = {VMCAI},
	Date-Added = {2013-09-11 21:09:18 +0000},
	Date-Modified = {2013-09-11 21:09:27 +0000},
	Month = {January},
	Pages = {364-380},
	Title = {{Synthesis of Reactive(1) Designs}},
	Year = {2006}}

@article{BBEFKP06,
	Author = {C. Belta and A. Bicchi and M. Egerstedt and E. Frazzoli and E. Klavins and G. J. Pappas},
	Date-Added = {2013-09-11 15:05:51 +0000},
	Date-Modified = {2013-09-11 15:05:51 +0000},
	Journal = {Robotics and Automation Magazine},
	Number = {1},
	Pages = {61-70},
	Title = {Symbolic Planning and Control of Robot Motion: State of the Art and Grand Challenges},
	Volume = {14},
	Year = {2007}}

@article{gda2013,
	Author = {Klenk, M. and Molineaux, M. and Aha, D. W.},
	Date-Added = {2013-09-11 14:32:08 +0000},
	Date-Modified = {2013-09-11 14:33:30 +0000},
	Journal = {Computational Intelligence},
	Number = {2},
	Pages = {187-206},
	Title = {GOAL-DRIVEN AUTONOMY FOR RESPONDING TO UNEXPECTED EVENTS IN STRATEGY SIMULATIONS},
	Volume = {29},
	Year = {2013}}

@article{spaceXplore2006,
	Author = {Truszkowski, W.F. and Hinchey, M.G. and Rash, J.L. and Rouff, C.A.},
	Doi = {10.1109/TSMCC.2006.871600},
	Issn = {1094-6977},
	Journal = {Systems, Man, and Cybernetics, Part C: Applications and Reviews, IEEE Transactions on},
	Keywords = {aerospace computing;multi-agent systems;space vehicles;NASA agent-based systems;National Aeronautics and Space Administration;autonomic system;autonomous system;future space exploration mission;mission control center;spacecraft;Aerodynamics;Communication system control;Control systems;Cost function;Delay;Humans;NASA;Space exploration;Space missions;Space vehicles;Autonomic systems;autonomous systems;intelligent systems;multiagent technology;spacecraft},
	Number = {3},
	Pages = {279-291},
	Title = {Autonomous and autonomic systems: a paradigm for future space exploration missions},
	Volume = {36},
	Year = {2006},
	Bdsk-Url-1 = {http://dx.doi.org/10.1109/TSMCC.2006.871600}}

@article{SaxenaIJRR2012,
	Author = {Yun Jiang and Marcus Lim and Changxi Zheng and Ashutosh Saxena},
	Date-Modified = {2014-02-13 00:16:37 +0000},
	Journal = {International Journal of Robotics Research},
	Number = {9},
	Title = {Learning to Place New Objects in a Scene},
	Volume = {31},
	Year = {2012}}

@inproceedings{rapyuta2013,
	Author = {Hunziker, Dominique and Gajamohan, Mohanarajah and Waibel, Markus and {D'Andrea}, Raffaello},
	Booktitle = {Proc. {IEEE} Int. Conf. on Robotics and Automation ({ICRA)}, Karlsruhe, Germany},
	Date-Modified = {2013-09-16 02:52:29 +0000},
	Pages = {438--444},
	Title = {Rapyuta: The {RoboEarth} Cloud Engine},
	Year = {2013},
	Bdsk-Url-1 = {http://roboearth.org/uploads/RCE2013.pdf}}

@inproceedings{Wongpiromsarn2010,
	Author = {Tichakorn Wongpiromsarn and Ufuk Topcu and Richard M. Murray},
	Booktitle = {Proc. of the 13th Int'l Conf. on Hybrid Systems: Computation and Control},
	Date-Added = {2013-09-01 22:45:47 +0000},
	Date-Modified = {2013-09-16 02:22:43 +0000},
	Owner = {Hadas},
	Timestamp = {2011.01.13},
	Title = {Receding Horizon Control for Temporal Logic Specifications},
	Year = {2010}}

@article{KGFP_TRO09,
	Author = {Hadas~Kress-Gazit and Gerogios~E.~Fainekos and George~J.~Pappas},
	Date-Added = {2013-08-28 18:05:05 +0000},
	Date-Modified = {2013-08-28 18:05:05 +0000},
	Journal = {IEEE Transactions on Robotics},
	Number = {6},
	Pages = {1370--1381},
	Title = {Temporal Logic based Reactive Mission and Motion Planning},
	Volume = {25},
	Year = {2009}}

@article{MatthiasAI2010,
	Author = {Kartik Talamadupula and J. Benton and Paul Schermerhorn and Subbarao Kambhampati and Matthias Scheutz},
	Date-Added = {2013-08-22 20:24:28 +0000},
	Date-Modified = {2013-08-22 20:28:10 +0000},
	Journal = {AAAI},
	Title = {Integrating a Closed World Planner with an Open World Robot: A Case Study},
	Year = {2010},
	Bdsk-File-1 = {YnBsaXN0MDDUAQIDBAUGJCVYJHZlcnNpb25YJG9iamVjdHNZJGFyY2hpdmVyVCR0b3ASAAGGoKgHCBMUFRYaIVUkbnVsbNMJCgsMDxJXTlMua2V5c1pOUy5vYmplY3RzViRjbGFzc6INDoACgAOiEBGABIAFgAdccmVsYXRpdmVQYXRoWWFsaWFzRGF0YV8QRC4uL0lDUkEgMjAxNCBMaXQvMjAwOSBBSSBNYXR0aGlhcyBTY2hldXR6IChwbGFubmluZyBjbG9zZWQtb3BlbikucGRm0hcLGBlXTlMuZGF0YU8RAnIAAAAAAnIAAgAADE1hY2ludG9zaCBIRAAAAAAAAAAAAAAAAAAAAMww2rJIKwAAAcoJBB8yMDA5IEFJIE1hdHRoaWFzIFNjIzFDQUUyMjcucGRmAAAAAAAAAAAAAAAAAAAAAAAAAAAAAAAAAAAAAAAAAAAByuInzjur7gAAAAAAAAAAAAEAAgAACSAAAAAAAAAAAAAAAAAAAAANSUNSQSAyMDE0IExpdAAAEAAIAADMMRLyAAAAEQAIAADOO+QuAAAAAQAcAcoJBAGgRrIDA58FACbt4wAG7cwABcI9AAIN+QACAHdNYWNpbnRvc2ggSEQ6VXNlcnM6AHNtYW5pYXRvOgBDb3JuZWxsOgBNeSBSZXNlYXJjaDoATXkgUGFwZXJzOgBJQ1JBMjAxNDoASUNSQSAyMDE0IExpdDoAMjAwOSBBSSBNYXR0aGlhcyBTYyMxQ0FFMjI3LnBkZgAADgBoADMAMgAwADAAOQAgAEEASQAgAE0AYQB0AHQAaABpAGEAcwAgAFMAYwBoAGUAdQB0AHoAIAAoAHAAbABhAG4AbgBpAG4AZwAgAGMAbABvAHMAZQBkAC0AbwBwAGUAbgApAC4AcABkAGYADwAaAAwATQBhAGMAaQBuAHQAbwBzAGgAIABIAEQAEgB3VXNlcnMvc21hbmlhdG8vQ29ybmVsbC9NeSBSZXNlYXJjaC9NeSBQYXBlcnMvSUNSQTIwMTQvSUNSQSAyMDE0IExpdC8yMDA5IEFJIE1hdHRoaWFzIFNjaGV1dHogKHBsYW5uaW5nIGNsb3NlZC1vcGVuKS5wZGYAABMAAS8AABUAAgAP//8AAIAG0hscHR5aJGNsYXNzbmFtZVgkY2xhc3Nlc11OU011dGFibGVEYXRhox0fIFZOU0RhdGFYTlNPYmplY3TSGxwiI1xOU0RpY3Rpb25hcnmiIiBfEA9OU0tleWVkQXJjaGl2ZXLRJidUcm9vdIABAAgAEQAaACMALQAyADcAQABGAE0AVQBgAGcAagBsAG4AcQBzAHUAdwCEAI4A1QDaAOIDWANaA18DagNzA4EDhQOMA5UDmgOnA6oDvAO/A8QAAAAAAAACAQAAAAAAAAAoAAAAAAAAAAAAAAAAAAADxg==}}

@article{open-world-sw,
	Author = {Luciano Baresi and Elisabetta Di Nitto and Carlo Ghezzi},
	Date-Added = {2013-08-22 17:37:14 +0000},
	Date-Modified = {2013-08-22 17:39:29 +0000},
	Journal = {Computer},
	Month = {Oct.},
	Number = {10},
	Pages = {36-43},
	Title = {Toward Open-World Software: Issues and Challenges},
	Volume = {39},
	Year = {2006},
	Bdsk-File-1 = {YnBsaXN0MDDUAQIDBAUGJCVYJHZlcnNpb25YJG9iamVjdHNZJGFyY2hpdmVyVCR0b3ASAAGGoKgHCBMUFRYaIVUkbnVsbNMJCgsMDxJXTlMua2V5c1pOUy5vYmplY3RzViRjbGFzc6INDoACgAOiEBGABIAFgAdccmVsYXRpdmVQYXRoWWFsaWFzRGF0YV8QKC4uL0lDUkEgMjAxNCBMaXQvT3BlbiBXb3JsZCBTb2Z0d2FyZS5wZGbSFwsYGVdOUy5kYXRhTxECFgAAAAACFgACAAAMTWFjaW50b3NoIEhEAAAAAAAAAAAAAAAAAAAAzDDaskgrAAABygkEF09wZW4gV29ybGQgU29mdHdhcmUucGRmAAAAAAAAAAAAAAAAAAAAAAAAAAAAAAAAAAAAAAAAAAAAAAAAAAAAAAHKCLzOO6p2AAAAAAAAAAAAAQACAAAJIAAAAAAAAAAAAAAAAAAAAA1JQ1JBIDIwMTQgTGl0AAAQAAgAAMwxEvIAAAARAAgAAM474rYAAAABABwBygkEAaBGsgMDnwUAJu3jAAbtzAAFwj0AAg35AAIAb01hY2ludG9zaCBIRDpVc2VyczoAc21hbmlhdG86AENvcm5lbGw6AE15IFJlc2VhcmNoOgBNeSBQYXBlcnM6AElDUkEyMDE0OgBJQ1JBIDIwMTQgTGl0OgBPcGVuIFdvcmxkIFNvZnR3YXJlLnBkZgAADgAwABcATwBwAGUAbgAgAFcAbwByAGwAZAAgAFMAbwBmAHQAdwBhAHIAZQAuAHAAZABmAA8AGgAMAE0AYQBjAGkAbgB0AG8AcwBoACAASABEABIAW1VzZXJzL3NtYW5pYXRvL0Nvcm5lbGwvTXkgUmVzZWFyY2gvTXkgUGFwZXJzL0lDUkEyMDE0L0lDUkEgMjAxNCBMaXQvT3BlbiBXb3JsZCBTb2Z0d2FyZS5wZGYAABMAAS8AABUAAgAP//8AAIAG0hscHR5aJGNsYXNzbmFtZVgkY2xhc3Nlc11OU011dGFibGVEYXRhox0fIFZOU0RhdGFYTlNPYmplY3TSGxwiI1xOU0RpY3Rpb25hcnmiIiBfEA9OU0tleWVkQXJjaGl2ZXLRJidUcm9vdIABAAgAEQAaACMALQAyADcAQABGAE0AVQBgAGcAagBsAG4AcQBzAHUAdwCEAI4AuQC+AMYC4ALiAucC8gL7AwkDDQMUAx0DIgMvAzIDRANHA0wAAAAAAAACAQAAAAAAAAAoAAAAAAAAAAAAAAAAAAADTg==}}

@conference{Belta2013RSS,
	Author = {Alphan Ulusoy and Michael Marrazzo and Calin Belta},
	Booktitle = {Robotics: Science and Systems},
	Date-Added = {2013-07-01 21:19:48 +0000},
	Date-Modified = {2013-09-11 15:47:39 +0000},
	Title = {Receding Horizon Control in Dynamic Environments from Temporal Logic Specifications},
	Year = {2013},
	Bdsk-File-1 = {YnBsaXN0MDDUAQIDBAUGJCVYJHZlcnNpb25YJG9iamVjdHNZJGFyY2hpdmVyVCR0b3ASAAGGoKgHCBMUFRYaIVUkbnVsbNMJCgsMDxJXTlMua2V5c1pOUy5vYmplY3RzViRjbGFzc6INDoACgAOiEBGABIAFgAdccmVsYXRpdmVQYXRoWWFsaWFzRGF0YV8QRC4uLy4uLy4uL0xpdGVyYXR1cmUvQmVsdGEgZXQgYWwvMjAxMyBSU1MgQmVsdGEsIFJlY2VkaW5nIEhvcml6b24ucGRm0hcLGBlXTlMuZGF0YU8RAigAAAAAAigAAgAADE1hY2ludG9zaCBIRAAAAAAAAAAAAAAAAAAAAMww2rJIKwAAAAbQlB8yMDEzIFJTUyBCZWx0YSwgUmVjIzE4RTM1MDEucGRmAAAAAAAAAAAAAAAAAAAAAAAAAAAAAAAAAAAAAAAAAAABjjUBzfdUeQAAAAAAAAAAAAMAAwAACSAAAAAAAAAAAAAAAAAAAAALQmVsdGEgZXQgYWwAABAACAAAzDES8gAAABEACAAAzfeMuQAAAAEAGAAG0JQABtB/ACbt4wAG7cwABcI9AAIN+QACAGxNYWNpbnRvc2ggSEQ6VXNlcnM6AHNtYW5pYXRvOgBDb3JuZWxsOgBNeSBSZXNlYXJjaDoATGl0ZXJhdHVyZToAQmVsdGEgZXQgYWw6ADIwMTMgUlNTIEJlbHRhLCBSZWMjMThFMzUwMS5wZGYADgBKACQAMgAwADEAMwAgAFIAUwBTACAAQgBlAGwAdABhACwAIABSAGUAYwBlAGQAaQBuAGcAIABIAG8AcgBpAHoAbwBuAC4AcABkAGYADwAaAAwATQBhAGMAaQBuAHQAbwBzAGgAIABIAEQAEgBeVXNlcnMvc21hbmlhdG8vQ29ybmVsbC9NeSBSZXNlYXJjaC9MaXRlcmF0dXJlL0JlbHRhIGV0IGFsLzIwMTMgUlNTIEJlbHRhLCBSZWNlZGluZyBIb3Jpem9uLnBkZgATAAEvAAAVAAIAD///AACABtIbHB0eWiRjbGFzc25hbWVYJGNsYXNzZXNdTlNNdXRhYmxlRGF0YaMdHyBWTlNEYXRhWE5TT2JqZWN00hscIiNcTlNEaWN0aW9uYXJ5oiIgXxAPTlNLZXllZEFyY2hpdmVy0SYnVHJvb3SAAQAIABEAGgAjAC0AMgA3AEAARgBNAFUAYABnAGoAbABuAHEAcwB1AHcAhACOANUA2gDiAw4DEAMVAyADKQM3AzsDQgNLA1ADXQNgA3IDdQN6AAAAAAAAAgEAAAAAAAAAKAAAAAAAAAAAAAAAAAAAA3w=}}

@conference{Dimos2013ICRA,
	Author = {Meng Guo and Karl H. Johansson and Dimos V. Dimarogonas},
	Booktitle = {IEEE Int'l. Conf. on Robotics and Automation},
	Date-Added = {2013-07-01 21:11:41 +0000},
	Date-Modified = {2013-09-11 15:49:28 +0000},
	Read = {1},
	Title = {Revising Motion Planning under Linear Temporal Logic Specifications in Partially Known Workspaces},
	Year = {2013}}

@conference{MurrayICRA2013a,
	Author = {Scott C. Livingston and Pavithra Prabhakar and Alex B. Jose and Richard M. Murray},
	Booktitle = {IEEE Int'l. Conf. on Robotics and Automation},
	Date-Added = {2013-03-14 18:31:40 +0000},
	Date-Modified = {2013-09-11 15:49:09 +0000},
	Title = {Patching task-level robot controllers based on a local $\mu$-calculus formula},
	Year = {2013},
	Bdsk-File-1 = {YnBsaXN0MDDUAQIDBAUGJCVYJHZlcnNpb25YJG9iamVjdHNZJGFyY2hpdmVyVCR0b3ASAAGGoKgHCBMUFRYaIVUkbnVsbNMJCgsMDxJXTlMua2V5c1pOUy5vYmplY3RzViRjbGFzc6INDoACgAOiEBGABIAFgAdccmVsYXRpdmVQYXRoWWFsaWFzRGF0YV8QWC4uLy4uLy4uL0xpdGVyYXR1cmUvTXVycmF5IGV0IGFsL1Njb3R0L1ByZXByaW50cy8yMDEzIElDUkEgcHJlcHJpbnQgU2NvdHQgKFBhdGNoaW5nKS5wZGbSFwsYGVdOUy5kYXRhTxECXAAAAAACXAACAAAMTWFjaW50b3NoIEhEAAAAAAAAAAAAAAAAAAAAzDDaskgrAAABM3UeHzIwMTMgSUNSQSBwcmVwcmludCBTIzhGM0U1OC5wZGYAAAAAAAAAAAAAAAAAAAAAAAAAAAAAAAAAAAAAAAAAAACPPljMpxiLAAAAAAAAAAAAAwAFAAAJIAAAAAAAAAAAAAAAAAAAAAlQcmVwcmludHMAABAACAAAzDES8gAAABEACAAAzKdQywAAAAEAIAEzdR4BM3BCAAbQmAAG0H8AJu3jAAbtzAAFwj0AAg35AAIAf01hY2ludG9zaCBIRDpVc2VyczoAc21hbmlhdG86AENvcm5lbGw6AE15IFJlc2VhcmNoOgBMaXRlcmF0dXJlOgBNdXJyYXkgZXQgYWw6AFNjb3R0OgBQcmVwcmludHM6ADIwMTMgSUNSQSBwcmVwcmludCBTIzhGM0U1OC5wZGYAAA4AUAAnADIAMAAxADMAIABJAEMAUgBBACAAcAByAGUAcAByAGkAbgB0ACAAUwBjAG8AdAB0ACAAKABQAGEAdABjAGgAaQBuAGcAKQAuAHAAZABmAA8AGgAMAE0AYQBjAGkAbgB0AG8AcwBoACAASABEABIAclVzZXJzL3NtYW5pYXRvL0Nvcm5lbGwvTXkgUmVzZWFyY2gvTGl0ZXJhdHVyZS9NdXJyYXkgZXQgYWwvU2NvdHQvUHJlcHJpbnRzLzIwMTMgSUNSQSBwcmVwcmludCBTY290dCAoUGF0Y2hpbmcpLnBkZgATAAEvAAAVAAIAD///AACABtIbHB0eWiRjbGFzc25hbWVYJGNsYXNzZXNdTlNNdXRhYmxlRGF0YaMdHyBWTlNEYXRhWE5TT2JqZWN00hscIiNcTlNEaWN0aW9uYXJ5oiIgXxAPTlNLZXllZEFyY2hpdmVy0SYnVHJvb3SAAQAIABEAGgAjAC0AMgA3AEAARgBNAFUAYABnAGoAbABuAHEAcwB1AHcAhACOAOkA7gD2A1YDWANdA2gDcQN/A4MDigOTA5gDpQOoA7oDvQPCAAAAAAAAAgEAAAAAAAAAKAAAAAAAAAAAAAAAAAAAA8Q=}}

@conference{MurrayICRA2013b,
	Author = {Scott C. Livingston and Richard M. Murray},
	Booktitle = {IEEE Int'l. Conf. on Robotics and Automation},
	Date-Added = {2012-11-16 22:59:57 +0000},
	Date-Modified = {2013-09-11 15:48:52 +0000},
	Rating = {4},
	Read = {1},
	Title = {Just-in-time Synthesis for Motion Planning with Temporal Logic},
	Year = {2013},
	Bdsk-File-1 = {YnBsaXN0MDDUAQIDBAUGJCVYJHZlcnNpb25YJG9iamVjdHNZJGFyY2hpdmVyVCR0b3ASAAGGoKgHCBMUFRYaIVUkbnVsbNMJCgsMDxJXTlMua2V5c1pOUy5vYmplY3RzViRjbGFzc6INDoACgAOiEBGABIAFgAdccmVsYXRpdmVQYXRoWWFsaWFzRGF0YV8QWC4uLy4uLy4uL0xpdGVyYXR1cmUvTXVycmF5IGV0IGFsL1Njb3R0L1ByZXByaW50cy8yMDEzIElDUkEgcHJlcHJpbnQgU2NvdHQgKFBhdGNoaW5nKS5wZGbSFwsYGVdOUy5kYXRhTxECXAAAAAACXAACAAAMTWFjaW50b3NoIEhEAAAAAAAAAAAAAAAAAAAAzDDaskgrAAABM3UeHzIwMTMgSUNSQSBwcmVwcmludCBTIzhGM0U1OC5wZGYAAAAAAAAAAAAAAAAAAAAAAAAAAAAAAAAAAAAAAAAAAACPPljMpxiLAAAAAAAAAAAAAwAFAAAJIAAAAAAAAAAAAAAAAAAAAAlQcmVwcmludHMAABAACAAAzDES8gAAABEACAAAzKdQywAAAAEAIAEzdR4BM3BCAAbQmAAG0H8AJu3jAAbtzAAFwj0AAg35AAIAf01hY2ludG9zaCBIRDpVc2VyczoAc21hbmlhdG86AENvcm5lbGw6AE15IFJlc2VhcmNoOgBMaXRlcmF0dXJlOgBNdXJyYXkgZXQgYWw6AFNjb3R0OgBQcmVwcmludHM6ADIwMTMgSUNSQSBwcmVwcmludCBTIzhGM0U1OC5wZGYAAA4AUAAnADIAMAAxADMAIABJAEMAUgBBACAAcAByAGUAcAByAGkAbgB0ACAAUwBjAG8AdAB0ACAAKABQAGEAdABjAGgAaQBuAGcAKQAuAHAAZABmAA8AGgAMAE0AYQBjAGkAbgB0AG8AcwBoACAASABEABIAclVzZXJzL3NtYW5pYXRvL0Nvcm5lbGwvTXkgUmVzZWFyY2gvTGl0ZXJhdHVyZS9NdXJyYXkgZXQgYWwvU2NvdHQvUHJlcHJpbnRzLzIwMTMgSUNSQSBwcmVwcmludCBTY290dCAoUGF0Y2hpbmcpLnBkZgATAAEvAAAVAAIAD///AACABtIbHB0eWiRjbGFzc25hbWVYJGNsYXNzZXNdTlNNdXRhYmxlRGF0YaMdHyBWTlNEYXRhWE5TT2JqZWN00hscIiNcTlNEaWN0aW9uYXJ5oiIgXxAPTlNLZXllZEFyY2hpdmVy0SYnVHJvb3SAAQAIABEAGgAjAC0AMgA3AEAARgBNAFUAYABnAGoAbABuAHEAcwB1AHcAhACOAOkA7gD2A1YDWANdA2gDcQN/A4MDigOTA5gDpQOoA7oDvQPCAAAAAAAAAgEAAAAAAAAAKAAAAAAAAAAAAAAAAAAAA8Q=}}

@conference{BingxinRSS2012,
	Author = {Shahar Sarid and Bingxin Xu and Hadas Kress-Gazit},
	Booktitle = {Robotics: Science and Systems},
	Date-Added = {2012-11-12 00:20:29 +0000},
	Date-Modified = {2013-09-11 15:48:32 +0000},
	Title = {Guaranteeing High-Level Behaviors while Exploring Partially Known Maps},
	Year = {2012},
	Bdsk-File-1 = {YnBsaXN0MDDUAQIDBAUGJCVYJHZlcnNpb25YJG9iamVjdHNZJGFyY2hpdmVyVCR0b3ASAAGGoKgHCBMUFRYaIVUkbnVsbNMJCgsMDxJXTlMua2V5c1pOUy5vYmplY3RzViRjbGFzc6INDoACgAOiEBGABIAFgAdccmVsYXRpdmVQYXRoWWFsaWFzRGF0YV8QUi4uLy4uLy4uL0xpdGVyYXR1cmUvT3BlbiBXb3JsZC9CaW5neGluLzIwMTIgUlNTIEJpbmd4aW4gKFBhcnRpYWxseSBrbm93biBtYXBzKS5wZGbSFwsYGVdOUy5kYXRhTxECTAAAAAACTAACAAAMTWFjaW50b3NoIEhEAAAAAAAAAAAAAAAAAAAAzDDaskgrAAAAf1pjHzIwMTIgUlNTIEJpbmd4aW4gKFBhIzhDQTA2RC5wZGYAAAAAAAAAAAAAAAAAAAAAAAAAAAAAAAAAAAAAAAAAAACMoG3Mm0hnAAAAAAAAAAAAAwAEAAAJIAAAAAAAAAAAAAAAAAAAAAdCaW5neGluAAAQAAgAAMwxEvIAAAARAAgAAMybgKcAAAABABwAf1pjANRDNgAG0H8AJu3jAAbtzAAFwj0AAg35AAIAdE1hY2ludG9zaCBIRDpVc2VyczoAc21hbmlhdG86AENvcm5lbGw6AE15IFJlc2VhcmNoOgBMaXRlcmF0dXJlOgBPcGVuIFdvcmxkOgBCaW5neGluOgAyMDEyIFJTUyBCaW5neGluIChQYSM4Q0EwNkQucGRmAA4AWAArADIAMAAxADIAIABSAFMAUwAgAEIAaQBuAGcAeABpAG4AIAAoAFAAYQByAHQAaQBhAGwAbAB5ACAAawBuAG8AdwBuACAAbQBhAHAAcwApAC4AcABkAGYADwAaAAwATQBhAGMAaQBuAHQAbwBzAGgAIABIAEQAEgBsVXNlcnMvc21hbmlhdG8vQ29ybmVsbC9NeSBSZXNlYXJjaC9MaXRlcmF0dXJlL09wZW4gV29ybGQvQmluZ3hpbi8yMDEyIFJTUyBCaW5neGluIChQYXJ0aWFsbHkga25vd24gbWFwcykucGRmABMAAS8AABUAAgAP//8AAIAG0hscHR5aJGNsYXNzbmFtZVgkY2xhc3Nlc11OU011dGFibGVEYXRhox0fIFZOU0RhdGFYTlNPYmplY3TSGxwiI1xOU0RpY3Rpb25hcnmiIiBfEA9OU0tleWVkQXJjaGl2ZXLRJidUcm9vdIABAAgAEQAaACMALQAyADcAQABGAE0AVQBgAGcAagBsAG4AcQBzAHUAdwCEAI4A4wDoAPADQANCA0cDUgNbA2kDbQN0A30DggOPA5IDpAOnA6wAAAAAAAACAQAAAAAAAAAoAAAAAAAAAAAAAAAAAAADrg==}}

@conference{BeltaICRA2012,
	Author = {Yushan Chen and Jana Tumova and Calin Belta},
	Booktitle = {IEEE Int'l. Conf. on Robotics and Automation},
	Date-Added = {2012-11-07 00:38:19 +0000},
	Date-Modified = {2013-09-11 15:49:00 +0000},
	Title = {LTL Robot Motion Control based on Automata Learning of Environmental Dynamics},
	Year = {2012},
	Bdsk-File-1 = {YnBsaXN0MDDUAQIDBAUGJCVYJHZlcnNpb25YJG9iamVjdHNZJGFyY2hpdmVyVCR0b3ASAAGGoKgHCBMUFRYaIVUkbnVsbNMJCgsMDxJXTlMua2V5c1pOUy5vYmplY3RzViRjbGFzc6INDoACgAOiEBGABIAFgAdccmVsYXRpdmVQYXRoWWFsaWFzRGF0YV8QRy4uLy4uLy4uL0xpdGVyYXR1cmUvQmVsdGEgZXQgYWwvQmVsdGEsIElDUkEyMDEyIChBdXRvbWF0YSBsZWFybmluZykucGRm0hcLGBlXTlMuZGF0YU8RAjIAAAAAAjIAAgAADE1hY2ludG9zaCBIRAAAAAAAAAAAAAAAAAAAAMww2rJIKwAAAAbQlB9CZWx0YSwgSUNSQTIwMTIgKEF1dCM2MUVGMUUucGRmAAAAAAAAAAAAAAAAAAAAAAAAAAAAAAAAAAAAAAAAAAAAYe8ezIY0UAAAAAAAAAAAAAMAAwAACSAAAAAAAAAAAAAAAAAAAAALQmVsdGEgZXQgYWwAABAACAAAzDES8gAAABEACAAAzIZskAAAAAEAGAAG0JQABtB/ACbt4wAG7cwABcI9AAIN+QACAGxNYWNpbnRvc2ggSEQ6VXNlcnM6AHNtYW5pYXRvOgBDb3JuZWxsOgBNeSBSZXNlYXJjaDoATGl0ZXJhdHVyZToAQmVsdGEgZXQgYWw6AEJlbHRhLCBJQ1JBMjAxMiAoQXV0IzYxRUYxRS5wZGYADgBQACcAQgBlAGwAdABhACwAIABJAEMAUgBBADIAMAAxADIAIAAoAEEAdQB0AG8AbQBhAHQAYQAgAGwAZQBhAHIAbgBpAG4AZwApAC4AcABkAGYADwAaAAwATQBhAGMAaQBuAHQAbwBzAGgAIABIAEQAEgBhVXNlcnMvc21hbmlhdG8vQ29ybmVsbC9NeSBSZXNlYXJjaC9MaXRlcmF0dXJlL0JlbHRhIGV0IGFsL0JlbHRhLCBJQ1JBMjAxMiAoQXV0b21hdGEgbGVhcm5pbmcpLnBkZgAAEwABLwAAFQACAA///wAAgAbSGxwdHlokY2xhc3NuYW1lWCRjbGFzc2VzXU5TTXV0YWJsZURhdGGjHR8gVk5TRGF0YVhOU09iamVjdNIbHCIjXE5TRGljdGlvbmFyeaIiIF8QD05TS2V5ZWRBcmNoaXZlctEmJ1Ryb290gAEACAARABoAIwAtADIANwBAAEYATQBVAGAAZwBqAGwAbgBxAHMAdQB3AIQAjgDYAN0A5QMbAx0DIgMtAzYDRANIA08DWANdA2oDbQN/A4IDhwAAAAAAAAIBAAAAAAAAACgAAAAAAAAAAAAAAAAAAAOJ}}

@conference{MurrayICRA2012,
	Author = {Scott C. Livingston and Richard M. Murray and Joel W. Burdick},
	Booktitle = {IEEE Int'l. Conf. on Robotics and Automation},
	Date-Added = {2012-11-07 00:29:25 +0000},
	Date-Modified = {2013-09-11 15:47:46 +0000},
	Title = {Backtracking temporal logic synthesis for uncertain environments},
	Year = {2012},
	Bdsk-File-1 = {YnBsaXN0MDDUAQIDBAUGJCVYJHZlcnNpb25YJG9iamVjdHNZJGFyY2hpdmVyVCR0b3ASAAGGoKgHCBMUFRYaIVUkbnVsbNMJCgsMDxJXTlMua2V5c1pOUy5vYmplY3RzViRjbGFzc6INDoACgAOiEBGABIAFgAdccmVsYXRpdmVQYXRoWWFsaWFzRGF0YV8QZy4uLy4uLy4uL0xpdGVyYXR1cmUvTXVycmF5IGV0IGFsL1Njb3R0L1ByZXByaW50cy8yMDEyIElDUkEgcHJlcHJpbnQgTXVycmF5IChVbmNlcnRhaW4gZW52aXJvbm1lbnRzKS5wZGbSFwsYGVdOUy5kYXRhTxECigAAAAACigACAAAMTWFjaW50b3NoIEhEAAAAAAAAAAAAAAAAAAAAzDDaskgrAAABM3UeHzIwMTIgSUNSQSBwcmVwcmludCBNIzhGNDE1OS5wZGYAAAAAAAAAAAAAAAAAAAAAAAAAAAAAAAAAAAAAAAAAAACPQVnMpxjSAAAAAAAAAAAAAwAFAAAJIAAAAAAAAAAAAAAAAAAAAAlQcmVwcmludHMAABAACAAAzDES8gAAABEACAAAzKdREgAAAAEAIAEzdR4BM3BCAAbQmAAG0H8AJu3jAAbtzAAFwj0AAg35AAIAf01hY2ludG9zaCBIRDpVc2VyczoAc21hbmlhdG86AENvcm5lbGw6AE15IFJlc2VhcmNoOgBMaXRlcmF0dXJlOgBNdXJyYXkgZXQgYWw6AFNjb3R0OgBQcmVwcmludHM6ADIwMTIgSUNSQSBwcmVwcmludCBNIzhGNDE1OS5wZGYAAA4AbgA2ADIAMAAxADIAIABJAEMAUgBBACAAcAByAGUAcAByAGkAbgB0ACAATQB1AHIAcgBhAHkAIAAoAFUAbgBjAGUAcgB0AGEAaQBuACAAZQBuAHYAaQByAG8AbgBtAGUAbgB0AHMAKQAuAHAAZABmAA8AGgAMAE0AYQBjAGkAbgB0AG8AcwBoACAASABEABIAgVVzZXJzL3NtYW5pYXRvL0Nvcm5lbGwvTXkgUmVzZWFyY2gvTGl0ZXJhdHVyZS9NdXJyYXkgZXQgYWwvU2NvdHQvUHJlcHJpbnRzLzIwMTIgSUNSQSBwcmVwcmludCBNdXJyYXkgKFVuY2VydGFpbiBlbnZpcm9ubWVudHMpLnBkZgAAEwABLwAAFQACAA///wAAgAbSGxwdHlokY2xhc3NuYW1lWCRjbGFzc2VzXU5TTXV0YWJsZURhdGGjHR8gVk5TRGF0YVhOU09iamVjdNIbHCIjXE5TRGljdGlvbmFyeaIiIF8QD05TS2V5ZWRBcmNoaXZlctEmJ1Ryb290gAEACAARABoAIwAtADIANwBAAEYATQBVAGAAZwBqAGwAbgBxAHMAdQB3AIQAjgD4AP0BBQOTA5UDmgOlA64DvAPAA8cD0APVA+ID5QP3A/oD/wAAAAAAAAIBAAAAAAAAACgAAAAAAAAAAAAAAAAAAAQB}}

@electronic{IEEEhowto:IEEEtranpage,
	Author = {Michael Shell},
	Title = {{IEEE}tran Homepage},
	Url = {http://www.michaelshell.org/tex/ieeetran/},
	Year = {2007},
	Bdsk-Url-1 = {http://www.michaelshell.org/tex/ieeetran/}}
