%% This BibTeX bibliography file was created using BibDesk.
%% http://bibdesk.sourceforge.net/


%% Created for Spyros Maniatopoulos at 2013-07-01 17:22:46 -0400 


%% Saved with string encoding Unicode (UTF-8) 



@inproceedings{Belta2013RSS,
	Author = {Alphan Ulusoy and Michael Marrazzo and Calin Belta},
	Booktitle = {Robotics: Science and Systems},
	Date-Added = {2013-07-01 21:19:48 +0000},
	Date-Modified = {2013-07-01 21:21:40 +0000},
	Title = {Receding Horizon Control in Dynamic Environments from Temporal Logic Specifications},
	Year = {2013},
	Bdsk-File-1 = {YnBsaXN0MDDUAQIDBAUGJCVYJHZlcnNpb25YJG9iamVjdHNZJGFyY2hpdmVyVCR0b3ASAAGGoKgHCBMUFRYaIVUkbnVsbNMJCgsMDxJXTlMua2V5c1pOUy5vYmplY3RzViRjbGFzc6INDoACgAOiEBGABIAFgAdccmVsYXRpdmVQYXRoWWFsaWFzRGF0YV8QPi4uL0xpdGVyYXR1cmUvQmVsdGEgZXQgYWwvMjAxMyBSU1MgQmVsdGEsIFJlY2VkaW5nIEhvcml6b24ucGRm0hcLGBlXTlMuZGF0YU8RAkoAAAAAAkoAAgAADE1hY2ludG9zaCBIRAAAAAAAAAAAAAAAAAAAAMww2rJIKwAAAAbQlB8yMDEzIFJTUyBCZWx0YSwgUmVjIzE4RTM1MDEucGRmAAAAAAAAAAAAAAAAAAAAAAAAAAAAAAAAAAAAAAAAAAABjjUBzfdUeQAAAAAAAAAAAAEAAwAACSAAAAAAAAAAAAAAAAAAAAALQmVsdGEgZXQgYWwAABAACAAAzDES8gAAABEACAAAzfeMuQAAAAEAHAAG0JQABtB/ACbt4wAG7cwAi/oAAAXCPQACDfkAAgB7TWFjaW50b3NoIEhEOlVzZXJzOgBzbWFuaWF0bzoAQm94IERvY3VtZW50czoAQ29ybmVsbDoATXkgUmVzZWFyY2g6AExpdGVyYXR1cmU6AEJlbHRhIGV0IGFsOgAyMDEzIFJTUyBCZWx0YSwgUmVjIzE4RTM1MDEucGRmAAAOAEoAJAAyADAAMQAzACAAUgBTAFMAIABCAGUAbAB0AGEALAAgAFIAZQBjAGUAZABpAG4AZwAgAEgAbwByAGkAegBvAG4ALgBwAGQAZgAPABoADABNAGEAYwBpAG4AdABvAHMAaAAgAEgARAASAGxVc2Vycy9zbWFuaWF0by9Cb3ggRG9jdW1lbnRzL0Nvcm5lbGwvTXkgUmVzZWFyY2gvTGl0ZXJhdHVyZS9CZWx0YSBldCBhbC8yMDEzIFJTUyBCZWx0YSwgUmVjZWRpbmcgSG9yaXpvbi5wZGYAEwABLwAAFQACAA///wAAgAbSGxwdHlokY2xhc3NuYW1lWCRjbGFzc2VzXU5TTXV0YWJsZURhdGGjHR8gVk5TRGF0YVhOU09iamVjdNIbHCIjXE5TRGljdGlvbmFyeaIiIF8QD05TS2V5ZWRBcmNoaXZlctEmJ1Ryb290gAEACAARABoAIwAtADIANwBAAEYATQBVAGAAZwBqAGwAbgBxAHMAdQB3AIQAjgDPANQA3AMqAywDMQM8A0UDUwNXA14DZwNsA3kDfAOOA5EDlgAAAAAAAAIBAAAAAAAAACgAAAAAAAAAAAAAAAAAAAOY}}

@inproceedings{Dimos2013ICRA,
	Author = {Meng Guo and Karl H. Johansson and Dimos V. Dimarogonas},
	Booktitle = {IEEE Intl. Conference on Robotics and Automation},
	Date-Added = {2013-07-01 21:11:41 +0000},
	Date-Modified = {2013-07-01 21:22:03 +0000},
	Read = {1},
	Title = {Revising Motion Planning under Linear Temporal Logic Specifications in Partially Known Workspaces},
	Year = {2013}}

@inproceedings{MurrayICRA2013a,
	Author = {Scott C. Livingston and Pavithra Prabhakar and Alex B. Jose and Richard M. Murray},
	Booktitle = {IEEE Intl. Conference on Robotics and Automation},
	Date-Added = {2013-03-14 18:31:40 +0000},
	Date-Modified = {2013-03-14 18:33:01 +0000},
	Title = {Patching task-level robot controllers based on a local Î¼-calculus formula},
	Year = {2013},
	Bdsk-File-1 = {YnBsaXN0MDDUAQIDBAUGJCVYJHZlcnNpb25YJG9iamVjdHNZJGFyY2hpdmVyVCR0b3ASAAGGoKgHCBMUFRYaIVUkbnVsbNMJCgsMDxJXTlMua2V5c1pOUy5vYmplY3RzViRjbGFzc6INDoACgAOiEBGABIAFgAdccmVsYXRpdmVQYXRoWWFsaWFzRGF0YV8QUi4uL0xpdGVyYXR1cmUvTXVycmF5IGV0IGFsL1Njb3R0L1ByZXByaW50cy8yMDEzIElDUkEgcHJlcHJpbnQgU2NvdHQgKFBhdGNoaW5nKS5wZGbSFwsYGVdOUy5kYXRhTxECfAAAAAACfAACAAAMTWFjaW50b3NoIEhEAAAAAAAAAAAAAAAAAAAAzDDaskgrAAABM3UeHzIwMTMgSUNSQSBwcmVwcmludCBTIzhGM0U1OC5wZGYAAAAAAAAAAAAAAAAAAAAAAAAAAAAAAAAAAAAAAAAAAACPPljMpxiLAAAAAAAAAAAAAQAFAAAJIAAAAAAAAAAAAAAAAAAAAAlQcmVwcmludHMAABAACAAAzDES8gAAABEACAAAzKdQywAAAAEAJAEzdR4BM3BCAAbQmAAG0H8AJu3jAAbtzACL+gAABcI9AAIN+QACAI5NYWNpbnRvc2ggSEQ6VXNlcnM6AHNtYW5pYXRvOgBCb3ggRG9jdW1lbnRzOgBDb3JuZWxsOgBNeSBSZXNlYXJjaDoATGl0ZXJhdHVyZToATXVycmF5IGV0IGFsOgBTY290dDoAUHJlcHJpbnRzOgAyMDEzIElDUkEgcHJlcHJpbnQgUyM4RjNFNTgucGRmAA4AUAAnADIAMAAxADMAIABJAEMAUgBBACAAcAByAGUAcAByAGkAbgB0ACAAUwBjAG8AdAB0ACAAKABQAGEAdABjAGgAaQBuAGcAKQAuAHAAZABmAA8AGgAMAE0AYQBjAGkAbgB0AG8AcwBoACAASABEABIAgFVzZXJzL3NtYW5pYXRvL0JveCBEb2N1bWVudHMvQ29ybmVsbC9NeSBSZXNlYXJjaC9MaXRlcmF0dXJlL011cnJheSBldCBhbC9TY290dC9QcmVwcmludHMvMjAxMyBJQ1JBIHByZXByaW50IFNjb3R0IChQYXRjaGluZykucGRmABMAAS8AABUAAgAP//8AAIAG0hscHR5aJGNsYXNzbmFtZVgkY2xhc3Nlc11OU011dGFibGVEYXRhox0fIFZOU0RhdGFYTlNPYmplY3TSGxwiI1xOU0RpY3Rpb25hcnmiIiBfEA9OU0tleWVkQXJjaGl2ZXLRJidUcm9vdIABAAgAEQAaACMALQAyADcAQABGAE0AVQBgAGcAagBsAG4AcQBzAHUAdwCEAI4A4wDoAPADcANyA3cDggOLA5kDnQOkA60DsgO/A8ID1APXA9wAAAAAAAACAQAAAAAAAAAoAAAAAAAAAAAAAAAAAAAD3g==}}

@inproceedings{MurrayICRA2013b,
	Author = {Scott C. Livingston and Richard M. Murray},
	Booktitle = {IEEE Intl. Conference on Robotics and Automation},
	Date-Added = {2012-11-16 22:59:57 +0000},
	Date-Modified = {2013-03-14 18:32:53 +0000},
	Rating = {4},
	Read = {1},
	Title = {Just-in-time Synthesis for Motion Planning with Temporal Logic},
	Year = {2013},
	Bdsk-File-1 = {YnBsaXN0MDDUAQIDBAUGJCVYJHZlcnNpb25YJG9iamVjdHNZJGFyY2hpdmVyVCR0b3ASAAGGoKgHCBMUFRYaIVUkbnVsbNMJCgsMDxJXTlMua2V5c1pOUy5vYmplY3RzViRjbGFzc6INDoACgAOiEBGABIAFgAdccmVsYXRpdmVQYXRoWWFsaWFzRGF0YV8QUi4uL0xpdGVyYXR1cmUvTXVycmF5IGV0IGFsL1Njb3R0L1ByZXByaW50cy8yMDEzIElDUkEgcHJlcHJpbnQgU2NvdHQgKFBhdGNoaW5nKS5wZGbSFwsYGVdOUy5kYXRhTxECfAAAAAACfAACAAAMTWFjaW50b3NoIEhEAAAAAAAAAAAAAAAAAAAAzDDaskgrAAABM3UeHzIwMTMgSUNSQSBwcmVwcmludCBTIzhGM0U1OC5wZGYAAAAAAAAAAAAAAAAAAAAAAAAAAAAAAAAAAAAAAAAAAACPPljMpxiLAAAAAAAAAAAAAQAFAAAJIAAAAAAAAAAAAAAAAAAAAAlQcmVwcmludHMAABAACAAAzDES8gAAABEACAAAzKdQywAAAAEAJAEzdR4BM3BCAAbQmAAG0H8AJu3jAAbtzACL+gAABcI9AAIN+QACAI5NYWNpbnRvc2ggSEQ6VXNlcnM6AHNtYW5pYXRvOgBCb3ggRG9jdW1lbnRzOgBDb3JuZWxsOgBNeSBSZXNlYXJjaDoATGl0ZXJhdHVyZToATXVycmF5IGV0IGFsOgBTY290dDoAUHJlcHJpbnRzOgAyMDEzIElDUkEgcHJlcHJpbnQgUyM4RjNFNTgucGRmAA4AUAAnADIAMAAxADMAIABJAEMAUgBBACAAcAByAGUAcAByAGkAbgB0ACAAUwBjAG8AdAB0ACAAKABQAGEAdABjAGgAaQBuAGcAKQAuAHAAZABmAA8AGgAMAE0AYQBjAGkAbgB0AG8AcwBoACAASABEABIAgFVzZXJzL3NtYW5pYXRvL0JveCBEb2N1bWVudHMvQ29ybmVsbC9NeSBSZXNlYXJjaC9MaXRlcmF0dXJlL011cnJheSBldCBhbC9TY290dC9QcmVwcmludHMvMjAxMyBJQ1JBIHByZXByaW50IFNjb3R0IChQYXRjaGluZykucGRmABMAAS8AABUAAgAP//8AAIAG0hscHR5aJGNsYXNzbmFtZVgkY2xhc3Nlc11OU011dGFibGVEYXRhox0fIFZOU0RhdGFYTlNPYmplY3TSGxwiI1xOU0RpY3Rpb25hcnmiIiBfEA9OU0tleWVkQXJjaGl2ZXLRJidUcm9vdIABAAgAEQAaACMALQAyADcAQABGAE0AVQBgAGcAagBsAG4AcQBzAHUAdwCEAI4A4wDoAPADcANyA3cDggOLA5kDnQOkA60DsgO/A8ID1APXA9wAAAAAAAACAQAAAAAAAAAoAAAAAAAAAAAAAAAAAAAD3g==}}

@inproceedings{BingxinRSS2012,
	Author = {Shahar Sarid and Bingxin Xu and Hadas Kress-Gazit},
	Booktitle = {Robotics: Science and Systems},
	Date-Added = {2012-11-12 00:20:29 +0000},
	Date-Modified = {2012-11-12 00:21:32 +0000},
	Title = {Guaranteeing High-Level Behaviors while Exploring Partially Known Maps},
	Year = {2012},
	Bdsk-File-1 = {YnBsaXN0MDDUAQIDBAUGJCVYJHZlcnNpb25YJG9iamVjdHNZJGFyY2hpdmVyVCR0b3ASAAGGoKgHCBMUFRYaIVUkbnVsbNMJCgsMDxJXTlMua2V5c1pOUy5vYmplY3RzViRjbGFzc6INDoACgAOiEBGABIAFgAdccmVsYXRpdmVQYXRoWWFsaWFzRGF0YV8QTS4uL0xpdGVyYXR1cmUvRXhwbG9yYXRpb24vQmluZ3hpbi8yMDEyIFJTUyBCaW5neGluIChQYXJ0aWFsbHkga25vd24gbWFwcykucGRm0hcLGBlXTlMuZGF0YU8RAnAAAAAAAnAAAgAADE1hY2ludG9zaCBIRAAAAAAAAAAAAAAAAAAAAMww2rJIKwAAAH9aYx8yMDEyIFJTUyBCaW5neGluIChQYSM4Q0EwNkQucGRmAAAAAAAAAAAAAAAAAAAAAAAAAAAAAAAAAAAAAAAAAAAAjKBtzJtIZwAAAAAAAAAAAAEABAAACSAAAAAAAAAAAAAAAAAAAAAHQmluZ3hpbgAAEAAIAADMMRLyAAAAEQAIAADMm4CnAAAAAQAgAH9aYwDUQzYABtB/ACbt4wAG7cwAi/oAAAXCPQACDfkAAgCETWFjaW50b3NoIEhEOlVzZXJzOgBzbWFuaWF0bzoAQm94IERvY3VtZW50czoAQ29ybmVsbDoATXkgUmVzZWFyY2g6AExpdGVyYXR1cmU6AEV4cGxvcmF0aW9uOgBCaW5neGluOgAyMDEyIFJTUyBCaW5neGluIChQYSM4Q0EwNkQucGRmAA4AWAArADIAMAAxADIAIABSAFMAUwAgAEIAaQBuAGcAeABpAG4AIAAoAFAAYQByAHQAaQBhAGwAbAB5ACAAawBuAG8AdwBuACAAbQBhAHAAcwApAC4AcABkAGYADwAaAAwATQBhAGMAaQBuAHQAbwBzAGgAIABIAEQAEgB7VXNlcnMvc21hbmlhdG8vQm94IERvY3VtZW50cy9Db3JuZWxsL015IFJlc2VhcmNoL0xpdGVyYXR1cmUvRXhwbG9yYXRpb24vQmluZ3hpbi8yMDEyIFJTUyBCaW5neGluIChQYXJ0aWFsbHkga25vd24gbWFwcykucGRmAAATAAEvAAAVAAIAD///AACABtIbHB0eWiRjbGFzc25hbWVYJGNsYXNzZXNdTlNNdXRhYmxlRGF0YaMdHyBWTlNEYXRhWE5TT2JqZWN00hscIiNcTlNEaWN0aW9uYXJ5oiIgXxAPTlNLZXllZEFyY2hpdmVy0SYnVHJvb3SAAQAIABEAGgAjAC0AMgA3AEAARgBNAFUAYABnAGoAbABuAHEAcwB1AHcAhACOAN4A4wDrA18DYQNmA3EDegOIA4wDkwOcA6EDrgOxA8MDxgPLAAAAAAAAAgEAAAAAAAAAKAAAAAAAAAAAAAAAAAAAA80=}}

@inproceedings{BeltaICRA2012,
	Author = {Yushan Chen and Jana Tumova and Calin Belta},
	Booktitle = {IEEE Intl. Conference on Robotics and Automation},
	Date-Added = {2012-11-07 00:38:19 +0000},
	Date-Modified = {2012-11-07 00:40:15 +0000},
	Title = {LTL Robot Motion Control based on Automata Learning of Environmental Dynamics},
	Year = {2012},
	Bdsk-File-1 = {YnBsaXN0MDDUAQIDBAUGJCVYJHZlcnNpb25YJG9iamVjdHNZJGFyY2hpdmVyVCR0b3ASAAGGoKgHCBMUFRYaIVUkbnVsbNMJCgsMDxJXTlMua2V5c1pOUy5vYmplY3RzViRjbGFzc6INDoACgAOiEBGABIAFgAdccmVsYXRpdmVQYXRoWWFsaWFzRGF0YV8QQS4uL0xpdGVyYXR1cmUvQmVsdGEgZXQgYWwvQmVsdGEsIElDUkEyMDEyIChBdXRvbWF0YSBsZWFybmluZykucGRm0hcLGBlXTlMuZGF0YU8RAlQAAAAAAlQAAgAADE1hY2ludG9zaCBIRAAAAAAAAAAAAAAAAAAAAMww2rJIKwAAAAbQlB9CZWx0YSwgSUNSQTIwMTIgKEF1dCM2MUVGMUUucGRmAAAAAAAAAAAAAAAAAAAAAAAAAAAAAAAAAAAAAAAAAAAAYe8ezIY0UAAAAAAAAAAAAAEAAwAACSAAAAAAAAAAAAAAAAAAAAALQmVsdGEgZXQgYWwAABAACAAAzDES8gAAABEACAAAzIZskAAAAAEAHAAG0JQABtB/ACbt4wAG7cwAi/oAAAXCPQACDfkAAgB7TWFjaW50b3NoIEhEOlVzZXJzOgBzbWFuaWF0bzoAQm94IERvY3VtZW50czoAQ29ybmVsbDoATXkgUmVzZWFyY2g6AExpdGVyYXR1cmU6AEJlbHRhIGV0IGFsOgBCZWx0YSwgSUNSQTIwMTIgKEF1dCM2MUVGMUUucGRmAAAOAFAAJwBCAGUAbAB0AGEALAAgAEkAQwBSAEEAMgAwADEAMgAgACgAQQB1AHQAbwBtAGEAdABhACAAbABlAGEAcgBuAGkAbgBnACkALgBwAGQAZgAPABoADABNAGEAYwBpAG4AdABvAHMAaAAgAEgARAASAG9Vc2Vycy9zbWFuaWF0by9Cb3ggRG9jdW1lbnRzL0Nvcm5lbGwvTXkgUmVzZWFyY2gvTGl0ZXJhdHVyZS9CZWx0YSBldCBhbC9CZWx0YSwgSUNSQTIwMTIgKEF1dG9tYXRhIGxlYXJuaW5nKS5wZGYAABMAAS8AABUAAgAP//8AAIAG0hscHR5aJGNsYXNzbmFtZVgkY2xhc3Nlc11OU011dGFibGVEYXRhox0fIFZOU0RhdGFYTlNPYmplY3TSGxwiI1xOU0RpY3Rpb25hcnmiIiBfEA9OU0tleWVkQXJjaGl2ZXLRJidUcm9vdIABAAgAEQAaACMALQAyADcAQABGAE0AVQBgAGcAagBsAG4AcQBzAHUAdwCEAI4A0gDXAN8DNwM5Az4DSQNSA2ADZANrA3QDeQOGA4kDmwOeA6MAAAAAAAACAQAAAAAAAAAoAAAAAAAAAAAAAAAAAAADpQ==}}

@inproceedings{MurrayICRA2012,
	Author = {Scott C. Livingston and Richard M. Murray and Joel W. Burdick},
	Booktitle = {IEEE Intl. Conference on Robotics and Automation},
	Date-Added = {2012-11-07 00:29:25 +0000},
	Date-Modified = {2012-11-07 00:40:32 +0000},
	Title = {Backtracking temporal logic synthesis for uncertain environments},
	Year = {2012},
	Bdsk-File-1 = {YnBsaXN0MDDUAQIDBAUGJCVYJHZlcnNpb25YJG9iamVjdHNZJGFyY2hpdmVyVCR0b3ASAAGGoKgHCBMUFRYaIVUkbnVsbNMJCgsMDxJXTlMua2V5c1pOUy5vYmplY3RzViRjbGFzc6INDoACgAOiEBGABIAFgAdccmVsYXRpdmVQYXRoWWFsaWFzRGF0YV8QYS4uL0xpdGVyYXR1cmUvTXVycmF5IGV0IGFsL1Njb3R0L1ByZXByaW50cy8yMDEyIElDUkEgcHJlcHJpbnQgTXVycmF5IChVbmNlcnRhaW4gZW52aXJvbm1lbnRzKS5wZGbSFwsYGVdOUy5kYXRhTxECqgAAAAACqgACAAAMTWFjaW50b3NoIEhEAAAAAAAAAAAAAAAAAAAAzDDaskgrAAABM3UeHzIwMTIgSUNSQSBwcmVwcmludCBNIzhGNDE1OS5wZGYAAAAAAAAAAAAAAAAAAAAAAAAAAAAAAAAAAAAAAAAAAACPQVnMpxjSAAAAAAAAAAAAAQAFAAAJIAAAAAAAAAAAAAAAAAAAAAlQcmVwcmludHMAABAACAAAzDES8gAAABEACAAAzKdREgAAAAEAJAEzdR4BM3BCAAbQmAAG0H8AJu3jAAbtzACL+gAABcI9AAIN+QACAI5NYWNpbnRvc2ggSEQ6VXNlcnM6AHNtYW5pYXRvOgBCb3ggRG9jdW1lbnRzOgBDb3JuZWxsOgBNeSBSZXNlYXJjaDoATGl0ZXJhdHVyZToATXVycmF5IGV0IGFsOgBTY290dDoAUHJlcHJpbnRzOgAyMDEyIElDUkEgcHJlcHJpbnQgTSM4RjQxNTkucGRmAA4AbgA2ADIAMAAxADIAIABJAEMAUgBBACAAcAByAGUAcAByAGkAbgB0ACAATQB1AHIAcgBhAHkAIAAoAFUAbgBjAGUAcgB0AGEAaQBuACAAZQBuAHYAaQByAG8AbgBtAGUAbgB0AHMAKQAuAHAAZABmAA8AGgAMAE0AYQBjAGkAbgB0AG8AcwBoACAASABEABIAj1VzZXJzL3NtYW5pYXRvL0JveCBEb2N1bWVudHMvQ29ybmVsbC9NeSBSZXNlYXJjaC9MaXRlcmF0dXJlL011cnJheSBldCBhbC9TY290dC9QcmVwcmludHMvMjAxMiBJQ1JBIHByZXByaW50IE11cnJheSAoVW5jZXJ0YWluIGVudmlyb25tZW50cykucGRmAAATAAEvAAAVAAIAD///AACABtIbHB0eWiRjbGFzc25hbWVYJGNsYXNzZXNdTlNNdXRhYmxlRGF0YaMdHyBWTlNEYXRhWE5TT2JqZWN00hscIiNcTlNEaWN0aW9uYXJ5oiIgXxAPTlNLZXllZEFyY2hpdmVy0SYnVHJvb3SAAQAIABEAGgAjAC0AMgA3AEAARgBNAFUAYABnAGoAbABuAHEAcwB1AHcAhACOAPIA9wD/A60DrwO0A78DyAPWA9oD4QPqA+8D/AP/BBEEFAQZAAAAAAAAAgEAAAAAAAAAKAAAAAAAAAAAAAAAAAAABBs=}}

@electronic{IEEEhowto:IEEEtranpage,
	Author = {Michael Shell},
	Title = {{IEEE}tran Homepage},
	Url = {http://www.michaelshell.org/tex/ieeetran/},
	Year = {2007},
	Bdsk-Url-1 = {http://www.michaelshell.org/tex/ieeetran/}}
